%% This BibTeX bibliography file was created using BibDesk.
%% https://bibdesk.sourceforge.io/

%% Created for Daniel at 2023-12-12 18:37:56 -0500 


%% Saved with string encoding Unicode (UTF-8) 

@unpublished{knill_2011_linear,
	author = {Oliver Knill},
	date-added = {2023-12-12 18:36:51 -0500},
	date-modified = {2023-12-12 18:37:56 -0500},
	month = {Spring},
	title = {Linear Algebra with Probability Notes},
	year = {2011}}

@book{axler_2017_linear,
	author = {Sheldon Axler},
	date-added = {2023-12-11 17:37:00 -0500},
	date-modified = {2023-12-11 17:38:21 -0500},
	editor = {3},
	publisher = {Springer},
	title = {Linear Algebra Done Right},
	year = {2017}}

@book{margalit_2019_interactive,
	author = {Margalit, Dan and Rabinoff, Joseph},
	month = {06},
	publisher = {Georgia Institute of Technology},
	title = {Interactive Linear Algebra},
	year = {2019}}
